<?xml version="1.0" encoding="UTF-8"?><collection xmlns="http://www.loc.gov/MARC21/slim"><record><leader>00339nam--2200121-i-4500</leader><controlfield tag="001">000030533</controlfield><controlfield tag="002">20161230</controlfield><controlfield tag="005">20161230201038</controlfield><controlfield tag="008">060222s1000------------r-----000-0-eng-d</controlfield><datafield ind1=" " ind2=" " tag="080"><subfield code="a">5(083.8)</subfield></datafield><datafield ind1=" " ind2=" " tag="245"><subfield code="a">List of publications.faculty of science, kanazawa university nr.8 (1990-1994)</subfield></datafield><datafield ind1=" " ind2=" " tag="260"><subfield code="a">Kanazawa, University, 1995. 120p</subfield></datafield><datafield ind1=" " ind2=" " tag="852"><subfield code="a">D1446</subfield></datafield></record></collection>